@Article{ScSt71,
  author =       {Sch\"onhage, A.  and Strassen, V.},
  title =        {{S}chnelle {M}ultiplikation gro\ss er {Z}ahlen},
  journal =      {Computing},
  year =         1971,
  volume =       7,
  pages =        {281--292}
}
@INPROCEEDINGS{Furer07,
  author = {F{\"u}rer, M.},
  title = {Faster {I}nteger {M}ultiplication},
  booktitle = {STOC'07},
  year = {2007},
  pages = {57--66},
}

@article {PaZh00,
    AUTHOR = {Pan, V. Y. and Zheng, A.},
     TITLE = {Superfast algorithms for {Cauchy-like} matrix
              computations and extensions},
   JOURNAL = {Linear Algebra Appl.},
  FJOURNAL = {Linear Algebra and its Applications},
    VOLUME = {310},
      YEAR = {2000},
     PAGES = {83--108}
}

@article {ChPa00,
    AUTHOR = {Chen, Z. and Pan, V. Y.},
     TITLE = {An efficient solution for {Cauchy-like} systems of equations},
   JOURNAL = {Computer and Mathematics with Applications},
    VOLUME = 48,
      YEAR = 2004,
     PAGES = {529--537}
}

@inProceedings{NuZi04,
  title = 	 {Fast Multipoint Evaluation of Bivariate Polynomials},
  author = {N{\"u}sken, M. and Ziegler, M.},
  year = 	 2004,
  pages = {544--555},
  booktitle =	 {ESA 2004},
  number =	 3222,
  series =	 {LNCS},
  publisher =	 {Springer}
}
@Article{Dixon82,
  author = 	 {J. Dixon},
  title = 	 {Exact solution of linear equations using $p$-adic expansions},
  journal = 	 {Numer. Math.},
  year = 	 1982,
  volume =	 40,
  pages =	 {137-141}
}

@InCollection{Huckle94,
  author = 	 {T. Huckle},
  title = 	 {Implementation of a superfast algorithm for symmetric positive definite linear equations of displacement rank 2},
  booktitle = 	 {Advanced Signal Processing: Algorithms, Architectures, and Implementations V},
  pages = 	 {494--503},
  year = 	 1994,
  volume = 	 2296,
  series = 	 {Proceedings of the SPIE}}

@Article{SeShSp82,
  author = 	 {H. Sexton and M. Shensa and J. Speiser},
  title = 	 {Remark on a displacement-rank inversion method for {T}oeplitz systems},
  journal = 	 {Linear Algebra and Its Applications},
  year = 	 1982,
  volume = 	 45,
  pages = 	 {127--130}}

@article {Pan92,
    AUTHOR = {Pan, V. Y.},
     TITLE = {Parametrization of {Newton}'s iteration for computations 
              with structured matrices and applications},
   JOURNAL = {Computers Math. Applic.},
  FJOURNAL = {Computers & Mathematics with Applications},
    VOLUME = {24},
      YEAR = {1992},
    NUMBER = {3},
     PAGES = {61--75},
}
@article{ArSc15,
 author = {Arnold, A. and Schost, \'E.},
 title = {A {T}runcated {F}ourier {T}ransform Middle Product},
 journal = {ACM Commun. Comput. Algebra},
 volume = 48,
 number = {3/4},
 year = 2015,
 pages = {98--99},
 publisher = {ACM},
} 

@manual{fflas-ffpack,
title = {{FFLAS-FFPACK}: {F}inite {F}ield {L}inear {A}lgebra {S}ubroutines / {P}ackage},
author = {FFLAS-FFPACK-Team},
edition = {v2.2.2},
year = 2016,
note = {\url{http://github.com/linbox-team/fflas-ffpack}}
}

@article {Shoup95,
    AUTHOR = {Shoup, V.},
     TITLE =  {A New Polynomial Factorization Algorithm and its Implementation},
   JOURNAL = {J. Symb. Comp.},
    VOLUME = {20},
      YEAR = {1995},
    NUMBER = {4},
     PAGES = {363--397},
}

@misc{NTL,
	Author = {Shoup, V.},
	Howpublished = {\texttt{http://www.shoup.net}},
	Title = {{NTL}: A Library for doing Number Theory}}


@article {Pan90,
    AUTHOR = {Pan, V. Y.},
     TITLE = {On computations with dense structured matrices},
   JOURNAL = {Math. Comp.},
  FJOURNAL = {Mathematics of Computation},
    VOLUME = 55,
      YEAR = 1990,
    NUMBER = 191,
     PAGES = {179--190},
}

@Booklet{BoChGiLeLeSaSc17,
  title = 	 {Algorithmes efficaces en calcul formel},
  howpublished = {\url{https://hal.archives-ouvertes.fr/AECF/}},
  author = 	 {Bostan, A. and Chyzak, F. and Giusti, M. and Lebreton, R. and Lecerf, G. and Salvy, B. and Schost, \'E.},
  YEAR = {2017},
}

@article{HaQuZi04,
	Author = {Hanrot, G. and Quercia, M. and Zimmermann, P.},
	Date-Modified = {2008-01-17 14:04:54 +0100},
	Journal = {Appl. Algebra Engrg. Comm. Comp.},
	Number = {6},
	Pages = {415--438},
	Title = {The {M}iddle {P}roduct {A}lgorithm,~{I}},
	Volume = {14},
	Year = {2004}}

@incollection {HeAm88,
    AUTHOR = {Heinig, G. and Amdeberhan, T.},
     TITLE = {On the inverses of {H}ankel and {T}oeplitz mosaic matrices},
 BOOKTITLE = {Seminar {A}nalysis ({B}erlin, 1987/1988)},
     PAGES = {53--65},
 PUBLISHER = {Akademie-Verlag, Berlin},
      YEAR = {1988},
   MRCLASS = {15A09 (15A57 47B35)},
  MRNUMBER = {1007314},
MRREVIEWER = {M. Tismenetsky},
}

@inproceedings{BoLeSc03,
	Author = {Bostan, A. and Lecerf, G. and Schost, {\'E}.},
	Booktitle = {ISSAC'03},
	Pages = {37--44},
	Publisher = {ACM},
	Title = {Tellegen's Principle Into Practice},
	Year = 2003}

@article{BoSc05,
	Author = {Bostan, A. and Schost, {\'E}.},
	Doi = {10.1016/j.jco.2004.09.009},
	Journal = {J. Complexity},
	Number = {4},
	Pages = {420--446},
	Title = {Polynomial evaluation and interpolation on special sets of points},
	Volume = {21},
	Year = {2005},
	Bdsk-Url-1 = {http://dx.doi.org/10.1016/j.jco.2004.09.009}}


@MastersThesis{Mouilleron08,
  author = 	 {Mouilleron, C.},
  title = 	 {Algorithmes rapides pour la r\'esolution de probl\`emes alg\'ebriques structur\'es},
  school = 	 {ENS Lyon},
  year = 	 2008}

@inproceedings{JeMo10,
  author    = {Jeannerod, {C.-P.} and Mouilleron, C.},
  title     = {Computing specified generators of structured matrix inverses},
  booktitle = {ISSAC'10},
  pages     = {281--288},
  year      = {2010},
}

@book{KaSa99,
  title={Fast Reliable Algorithms for Matrices with Structure},
  author={Kailath, T. and Sayed, {A. H.}},
  year={1999},
  publisher={SIAM}
}

@book {Pan01,
    AUTHOR = {Pan, V. Y.},
     TITLE = {Structured Matrices and Polynomials}, 
 PUBLISHER = {Birkh\"auser Boston Inc.},
      YEAR = {2001},
}

@article {KaKuMo79,
    AUTHOR = {Kailath, T. and Kung, S. Y. and Morf, M.},
     TITLE = {Displacement ranks of matrices and linear equations},
   JOURNAL = {J. Math. Anal. Appl.},
  FJOURNAL = {Journal of Mathematical Analysis and Applications},
    VOLUME = {68},
      YEAR = {1979},
    NUMBER = {2},
     PAGES = {395--407},
}

@book {GaGe13,
    Author = {J. \gathen{von zur} Gathen and J. Gerhard},
     TITLE = {Modern Computer Algebra},
   EDITION = {Third},
 PUBLISHER = {Cambridge University Press},
   ADDRESS = {Cambridge},
      YEAR = {2013},
}

@article{CaKa91,
 Author = {Cantor, D. G. and Kaltofen, E.},
 Journal = {Acta Informatica},
 Number = 7,
 Pages = {693--701},
 Title = {On Fast Multiplication of Polynomials over Arbitrary Algebras},
 Volume = 28,
 Year = 1991
}

@Article{CoWi90,
  author =       "Coppersmith, D. and Winograd, S.",
  title =        "Matrix Multiplication via Arithmetic Progressions",
  journal =      {Journal of Symbolic Computation},
  volume =       9,
  number =       3,
  pages =        "251--280",
  month =        mar,
  year =         1990
}

@inproceedings{LeGall14,
 author = {Le Gall, F.},
 title = {Powers of Tensors and Fast Matrix Multiplication},
 booktitle = {ISSAC'14},
 year = {2014},
 pages = {296--303},
 publisher = {ACM},
} 

@InProceedings{Kaltofen94,
  title = 	 {Asymptotically Fast Solution of {T}oeplitz-like Singular Linear Systems},
  year = 	 1994,
  author = 	 {Kaltofen, E.},
  booktitle =	 {ISSAC'94},
  pages =	 {297--304},
  publisher =	 {ACM}
}

@INPROCEEDINGS{Morf80,
  author = {Morf, M.},
  title = {Doubling algorithms for Toeplitz and related equations},
  booktitle = {IEEE Conference on Acoustics, Speech, and Signal Processing},
  year = {1980},
  pages = {954-959},
}
@article {BiAn80,
    AUTHOR = {Bitmead, R. R. and Anderson, B. D. O.},
     TITLE = {Asymptotically fast solution of {T}oeplitz and related systems
              of linear equations},
   JOURNAL = {Linear Algebra Appl.},
  FJOURNAL = {Linear Algebra and its Applications},
    VOLUME = {34},
      YEAR = {1980},
     PAGES = {103--116},
      ISSN = {0024-3795},
     CODEN = {LAAPAW},
   MRCLASS = {65F05 (15A06)},
  MRNUMBER = {591427 (81m:65044)},
MRREVIEWER = {M. Brannigan},
       DOI = {10.1016/0024-3795(80)90161-5},
       URL = {http://dx.doi.org/10.1016/0024-3795(80)90161-5},
}


@Article{Levinson47,
  author = 	 {Levinson, N.},
  title = 	 {The {W}iener {RMS} error criterion in filter design and prediction},
  journal = 	 {J. Math. Phys.},
  year = 	 1947,
  volume = 	 25,
  pages = 	 {261--278}}


@Article{Durbin60,
  author = 	 {Durbin, J.},
  title = 	 {The fitting of time series models},
  journal = 	 {Rev. Inst. Int. Stat.},
  year = 	 1960,
  volume = 	 28,
  pages = 	 {233--243}}

@Article{Trench64,
  author = 	 {Trench, W. F.},
  title = 	 {An algorithm for the inversion of finite {T}oeplitz matrices},
  journal = 	 {J. Soc. Indust. Appl. Math.},
  year = 	 1964,
  volume = 	 12,
  pages = 	 {515--522}}

@article{KaGoOl95,
  author = 	 {Kailath, T. and Gohberg, I. and Olshevsky, V.},
 journal = {Math. Comp.},
 number = {212},
 pages = {1557-1576},
 title = {Fast {G}aussian Elimination with Partial Pivoting for Matrices with Displacement Structure},
 volume = {64},
 year = {1995}
}

@Article{Cardinal99,
  author = 	 {Cardinal, {J.-P.}},
  title = 	 {On a property of {C}auchy-like matrices},
  journal = 	 {C. R. Acad. Sci. Paris S\'erie I},
  year = 	 1999,
  volume = 	 388,
  pages = 	 {1089--1093}}

@article{BoJeSc08,
	title = {Solving structured linear systems with large displacement rank},
	volume = {407},
	issn = {0304-3975},
	url = {http://www.sciencedirect.com/science/article/pii/S0304397508003940},
	doi = {10.1016/j.tcs.2008.05.014},
	number = {1},
	urldate = {2017-01-24},
	journal = {Theoretical Computer Science},
	author = {Bostan, A. and Jeannerod, C.-P. and Schost, \'E.},
	month = nov,
	year = {2008},
	keywords = {Dense linear algebra, structured linear algebra},
	pages = {155--181},
}

@unpublished{BoJeMoSc16,
	author = {Bostan, A. and Jeannerod, C.-P. and Mouilleron, C. and Schost, \'E.},
	title = {On matrices with displacement structure: generalized operators and faster algorithms},
	note= {preprint}
}


@article{IbMoHu82,
	title = {A generalization of the fast {LUP} matrix decomposition algorithm and applications},
	volume = {3},
	issn = {0196-6774},
	url = {http://www.sciencedirect.com/science/article/pii/0196677482900074},
	doi = {10.1016/0196-6774(82)90007-4},
	number = {1},
	urldate = {2017-01-25},
	journal = {Journal of Algorithms},
	author = {Ibarra, O. H and Moran, S. and Hui, R.},
	month = mar,
	year = {1982},
	pages = {45--56},
}